% This file was created with JabRef 2.10b2.
% Encoding: UTF-8


@Misc{helixantenna,
  Title                    = {Datasheet - 2.4 {GHz} {SMD} {On-ground} {Antenna} 47948},

  Author                   = {{Molex Inc.}},

  Owner                    = {twelti},
  Timestamp                = {2015.03.30}
}

@Misc{extantenna,
  Title                    = {Datasheet - {TriBand} 2.4, 5.3, 5.8 {GHz} {Antenna}},

  Author                   = {{Laird} Technologies},

  Owner                    = {twelti},
  Timestamp                = {2015.03.30}
}

@Standard{ieee802.11-2007,
  Title                    = {IEEE Standard for Information technology - Telecommunications and information exchange between systems - Local and metropolitan area networks - Specific requirements. Part 11: Wireless LAN Medium Access Control (MAC) and Physical Layer (PHY) Specifications.},
  Institution              = {IEEE Computer Society},
  Organization             = {IEEE Computer Society},

  Owner                    = {twelti},
  Timestamp                = {2015.03.26}
}

@Standard{ieee802.11ac-2013,
  Title                    = {IEEE Standard for Information technology - Telecommunications and information exchange between systems - Local and metropolitan area networks - Specific requirements. Part 11: Wireless LAN Medium Access Control (MAC) and Physical Layer (PHY) Specifications. Amendment 4: Enhancements for Very High Throughput for Operations in Bands below 6 GHz.},
  Institution              = {IEEE Computer Society},
  Organization             = {IEEE Computer Society},

  Owner                    = {twelti},
  Timestamp                = {2015.03.26}
}

@Standard{ieee802.11n-2009,
  Title                    = {IEEE Standard for Information technology - Telecommunications and information exchange between systems - Local and metropolitan area networks - Specific requirements. Part 11: Wireless LAN Medium Access Control (MAC) and Physical Layer (PHY) Specifications. Amendment 5: Enhancements for Higher Throughput.},
  Institution              = {IEEE Computer Society},
  Organization             = {IEEE Computer Society},

  Owner                    = {twelti},
  Timestamp                = {2015.03.26}
}

